@inproceedings {hpg.20161189,
booktitle = {Eurographics/ ACM SIGGRAPH Symposium on High Performance Graphics},
editor = {Ulf Assarsson and Warren Hunt},
title = {{Masked Software Occlusion Culling}},
author = {Hasselgren, Jon and Andersson, Magnus and Akenine-M"oller, Tomas},
year = {2016},
publisher = {The Eurographics Association},
ISSN = {2079-8679},
ISBN = {978-3-03868-008-6},
DOI = {10.2312/hpg.20161189}
}